<?xml version="1.0" encoding="UTF-8"?>
<Document xmlns="urn:iso:std:iso:20022:tech:xsd:camt.053.001.08" xmlns:xsi="http://www.w3.org/2001/XMLSchema-instance" xsi:schemaLocation="urn:iso:std:iso:20022:tech:xsd:camt.053.001.08 camt.053.001.08.xsd">
	<BkToCstmrStmt>
		<GrpHdr>
			<MsgId>53D20260122T2105112383060N260000006</MsgId>
			<CreDtTm>2026-01-22T21:05:11.0+01:00</CreDtTm>
		</GrpHdr>
		<Stmt>
			<Id>1740C532026012221051123010300273378</Id>
			<StmtPgntn>
				<PgNb>1</PgNb>
				<LastPgInd>true</LastPgInd>
			</StmtPgntn>
			<ElctrncSeqNb>260000006</ElctrncSeqNb>
			<LglSeqNb>006</LglSeqNb>
			<CreDtTm>2026-01-22T21:05:11.0+01:00</CreDtTm>
			<FrToDt>
				<FrDtTm>2026-01-22T00:00:00+01:00</FrDtTm>
				<ToDtTm>2026-01-22T23:59:59+01:00</ToDtTm>
			</FrToDt>
			<Acct>
				<Id>
					<IBAN>DE62501900000300273378</IBAN>
				</Id>
				<Ccy>EUR</Ccy>
				<Ownr>
					<Nm>WEG Niedbachstr. 1, 61389</Nm>
				</Ownr>
				<Svcr>
					<FinInstnId>
						<BICFI>FFVBDEFFXXX</BICFI>
						<Nm>Frankfurter Volksbank Rhein/Main e</Nm>
						<Othr>
							<Id>DE 114104100</Id>
							<Issr>UmsStId</Issr>
						</Othr>
					</FinInstnId>
				</Svcr>
			</Acct>
			<Bal>
				<Tp>
					<CdOrPrtry>
						<Cd>OPBD</Cd>
					</CdOrPrtry>
				</Tp>
				<Amt Ccy="EUR">18954.34</Amt>
				<CdtDbtInd>CRDT</CdtDbtInd>
				<Dt>
					<Dt>2026-01-22</Dt>
				</Dt>
			</Bal>
			<Bal>
				<Tp>
					<CdOrPrtry>
						<Cd>CLBD</Cd>
					</CdOrPrtry>
				</Tp>
				<Amt Ccy="EUR">18557.14</Amt>
				<CdtDbtInd>CRDT</CdtDbtInd>
				<Dt>
					<Dt>2026-01-22</Dt>
				</Dt>
			</Bal>
			<Ntry>
				<Amt Ccy="EUR">397.20</Amt>
				<CdtDbtInd>DBIT</CdtDbtInd>
				<Sts><Cd>BOOK</Cd></Sts>
				<BookgDt>
					<Dt>2026-01-22</Dt>
				</BookgDt>
				<ValDt>
					<Dt>2026-01-22</Dt>
				</ValDt>
				<AcctSvcrRef>2026012211552527000</AcctSvcrRef>
				<BkTxCd>
					<Domn>
						<Cd>PMNT</Cd>
						<Fmly>
							<Cd>ICDT</Cd>
							<SubFmlyCd>ESCT</SubFmlyCd>
						</Fmly>
					</Domn>
					<Prtry>
						<Cd>NTRF+191+08381</Cd>
						<Issr>DK</Issr>
					</Prtry>
				</BkTxCd>
				<NtryDtls>
					<Btch>
						<PmtInfId>windata S0459133</PmtInfId>
						<NbOfTxs>2</NbOfTxs>
						<TtlAmt Ccy="EUR">397.20</TtlAmt>
						<CdtDbtInd>DBIT</CdtDbtInd>
					</Btch>
					<TxDtls>
						<Refs>
							<MsgId>windata-2-3972-721813832</MsgId>
							<PmtInfId>windata S0459133</PmtInfId>
						</Refs>
						<Amt Ccy="EUR">397.20</Amt>
						<CdtDbtInd>DBIT</CdtDbtInd>
						<BkTxCd>
							<Domn>
								<Cd>PMNT</Cd>
								<Fmly>
									<Cd>ICDT</Cd>
									<SubFmlyCd>ESCT</SubFmlyCd>
								</Fmly>
							</Domn>
							<Prtry>
								<Cd>NTRF+191+08381</Cd>
								<Issr>DK</Issr>
							</Prtry>
						</BkTxCd>
						<RltdPties>
							<Dbtr>
								<Pty>
									<Nm>Demme Immobilien Verw.GmbH</Nm>
								</Pty>
							</Dbtr>
							<DbtrAcct>
								<Id>
									<IBAN>DE62501900000300273378</IBAN>
								</Id>
							</DbtrAcct>
						</RltdPties>
						<RmtInf>
							<Ustrd>SEPA Sammel-Ueberweisung mit 2 Ueberweisungen MSG-ID: windata-2-3972-721813832</Ustrd>
						</RmtInf>
					</TxDtls>
				</NtryDtls>
				<AddtlNtryInf>EURO-UEBERWEISUNG</AddtlNtryInf>
			</Ntry>
		</Stmt>
	</BkToCstmrStmt>
</Document>
