<?xml version="1.0" encoding="UTF-8"?>
<Document xmlns="urn:iso:std:iso:20022:tech:xsd:camt.053.001.08" xmlns:xsi="http://www.w3.org/2001/XMLSchema-instance" xsi:schemaLocation="urn:iso:std:iso:20022:tech:xsd:camt.053.001.08 camt.053.001.08.xsd">
	<BkToCstmrStmt>
		<GrpHdr>
			<MsgId>53D20260106T1259194417440N260000001</MsgId>
			<CreDtTm>2026-01-06T12:59:19.0+01:00</CreDtTm>
		</GrpHdr>
		<Stmt>
			<Id>1740C532026010612591944010300275532</Id>
			<StmtPgntn>
				<PgNb>1</PgNb>
				<LastPgInd>true</LastPgInd>
			</StmtPgntn>
			<ElctrncSeqNb>260000001</ElctrncSeqNb>
			<LglSeqNb>001</LglSeqNb>
			<CreDtTm>2026-01-06T12:59:19.0+01:00</CreDtTm>
			<FrToDt>
				<FrDtTm>2026-01-05T00:00:00+01:00</FrDtTm>
				<ToDtTm>2026-01-05T23:59:59+01:00</ToDtTm>
			</FrToDt>
			<Acct>
				<Id>
					<IBAN>DE07501900000300275532</IBAN>
				</Id>
				<Ccy>EUR</Ccy>
				<Ownr>
					<Nm>WEG Kronberger Str. 7-9, Königst</Nm>
				</Ownr>
				<Svcr>
					<FinInstnId>
						<BICFI>FFVBDEFFXXX</BICFI>
						<Nm>Frankfurter Volksbank Rhein/Main e</Nm>
						<Othr>
							<Id>DE 114104100</Id>
							<Issr>UmsStId</Issr>
						</Othr>
					</FinInstnId>
				</Svcr>
			</Acct>
			<Bal>
				<Tp>
					<CdOrPrtry>
						<Cd>OPBD</Cd>
					</CdOrPrtry>
				</Tp>
				<Amt Ccy="EUR">39833.28</Amt>
				<CdtDbtInd>CRDT</CdtDbtInd>
				<Dt>
					<Dt>2026-01-05</Dt>
				</Dt>
			</Bal>
			<Bal>
				<Tp>
					<CdOrPrtry>
						<Cd>CLBD</Cd>
					</CdOrPrtry>
				</Tp>
				<Amt Ccy="EUR">26983.65</Amt>
				<CdtDbtInd>CRDT</CdtDbtInd>
				<Dt>
					<Dt>2026-01-05</Dt>
				</Dt>
			</Bal>
			<Ntry>
				<Amt Ccy="EUR">12849.63</Amt>
				<CdtDbtInd>DBIT</CdtDbtInd>
				<Sts><Cd>BOOK</Cd></Sts>
				<BookgDt>
					<Dt>2026-01-05</Dt>
				</BookgDt>
				<ValDt>
					<Dt>2026-01-05</Dt>
				</ValDt>
				<AcctSvcrRef>2026010515552899000</AcctSvcrRef>
				<BkTxCd>
					<Domn>
						<Cd>PMNT</Cd>
						<Fmly>
							<Cd>ICDT</Cd>
							<SubFmlyCd>ESCT</SubFmlyCd>
						</Fmly>
					</Domn>
					<Prtry>
						<Cd>NTRF+177+08381</Cd>
						<Issr>DK</Issr>
					</Prtry>
				</BkTxCd>
				<NtryDtls>
					<TxDtls>
						<Refs>
							<MsgId>windata-1-1284963-752363</MsgId>
							<PmtInfId>windata S0458528</PmtInfId>
							<EndToEndId>70506,OP.51654,164622(55028)</EndToEndId>
							<TxId>2026010564180155907200000010000001</TxId>
						</Refs>
						<Amt Ccy="EUR">12849.63</Amt>
						<CdtDbtInd>DBIT</CdtDbtInd>
						<BkTxCd>
							<Domn>
								<Cd>PMNT</Cd>
								<Fmly>
									<Cd>ICDT</Cd>
									<SubFmlyCd>ESCT</SubFmlyCd>
								</Fmly>
							</Domn>
							<Prtry>
								<Cd>NTRF+177+08381</Cd>
								<Issr>DK</Issr>
							</Prtry>
						</BkTxCd>
						<RltdPties>
							<Dbtr>
								<Pty>
									<Nm>WEG Kronberger Str. 7-9, Ko</Nm>
								</Pty>
							</Dbtr>
							<DbtrAcct>
								<Id>
									<IBAN>DE07501900000300275532</IBAN>
								</Id>
							</DbtrAcct>
							<Cdtr>
								<Pty>
									<Nm>H ? K Kloeber Versicherungsmakler GmbH</Nm>
								</Pty>
							</Cdtr>
							<CdtrAcct>
								<Id>
									<IBAN>DE98508501500000752363</IBAN>
								</Id>
							</CdtrAcct>
						</RltdPties>
						<RltdAgts>
							<CdtrAgt>
								<FinInstnId>
									<BICFI>HELADEF1DAS</BICFI>
								</FinInstnId>
							</CdtrAgt>
						</RltdAgts>
						<RmtInf>
							<Ustrd>RE.164622(55028) vom 15.12.2025</Ustrd>
						</RmtInf>
					</TxDtls>
				</NtryDtls>
				<AddtlNtryInf>EURO-UEBERWEISUNG</AddtlNtryInf>
			</Ntry>
		</Stmt>
	</BkToCstmrStmt>
</Document>
